@article{Franck2013,
author = {Franck, John M and Pavlova, Anna and Scott, John A and Han, Songi},
file = {:Users/StupidRobot/Library/Application Support/Mendeley Desktop/Downloaded/Franck et al. - 2013 - Quantitative cw Overhauser Dynamic Nuclear Polarization for the Analysis of Local Water Dynamics.pdf:pdf},
journal = {Progress in Nuclear Magnetic Resonance Spectroscopy},
title = {{Quantitative cw Overhauser Dynamic Nuclear Polarization for the Analysis of Local Water Dynamics}},
year = {2013}
}
